<?xml version="1.0" encoding="UTF-8"?><record xmlns="http://www.loc.gov/MARC21/slim" xmlns:cinclude="http://apache.org/cocoon/include/1.0" xmlns:zs="http://www.loc.gov/zing/srw/">
  <leader>00560cz  a2200169n  4500</leader>
  <controlfield tag="001">no2010024906</controlfield>
  <controlfield tag="003">DLC</controlfield>
  <controlfield tag="005">20130327084744.0</controlfield>
  <controlfield tag="008">100212n| azannaabn          |a aaa     c</controlfield>
  <datafield tag="010" ind1=" " ind2=" ">
    <subfield code="a">no2010024906</subfield>
  </datafield>
  <datafield tag="035" ind1=" " ind2=" ">
    <subfield code="a">(OCoLC)oca08393391</subfield>
  </datafield>
  <datafield tag="040" ind1=" " ind2=" ">
    <subfield code="a">IEN-Mu</subfield>
    <subfield code="b">eng</subfield>
    <subfield code="e">rda</subfield>
    <subfield code="c">IEN-Mu</subfield>
    <subfield code="d">DLC</subfield>
  </datafield>
  <datafield tag="100" ind1="1" ind2=" ">
    <subfield code="a">Rossum, Frederik van,</subfield>
    <subfield code="d">1939-</subfield>
    <subfield code="t">Sonatas,</subfield>
    <subfield code="m">cello, piano,</subfield>
    <subfield code="n">op. 88</subfield>
  </datafield>
  <datafield tag="382" ind1=" " ind2=" ">
    <subfield code="a">cello</subfield>
    <subfield code="a">piano</subfield>
  </datafield>
  <datafield tag="383" ind1=" " ind2=" ">
    <subfield code="b">op. 88</subfield>
  </datafield>
  <datafield tag="400" ind1="1" ind2=" ">
    <subfield code="w">nnea</subfield>
    <subfield code="a">Rossum, Frederik van,</subfield>
    <subfield code="d">1939-</subfield>
    <subfield code="t">Sonatas,</subfield>
    <subfield code="m">violoncello, piano,</subfield>
    <subfield code="n">op. 88</subfield>
  </datafield>
  <datafield tag="670" ind1=" " ind2=" ">
    <subfield code="a">Rossum, F. van. Sonate pour violoncelle et piano, op. 88, c2009.</subfield>
  </datafield>
</record>